<record xmlns="http://www.loc.gov/MARC21/slim" xmlns:xsi="http://www.w3.org/2001/XMLSchema-instance" xsi:schemaLocation="http://www.loc.gov/MARC21/slim http://www.loc.gov/standards/marcxml/schema/MARC21slim.xsd"><leader>02250nam a2200457   4500</leader><controlfield tag="001">002772021</controlfield><controlfield tag="003">NNU</controlfield><controlfield tag="006">m        d        </controlfield><controlfield tag="007">cr cn |||m|||a</controlfield><controlfield tag="008">150223s1982    ir      od    000 0 arar</controlfield><datafield ind1=" " ind2=" " tag="040"><subfield code="a">NNU</subfield><subfield code="b">eng</subfield><subfield code="e">rda</subfield><subfield code="c">NNU</subfield></datafield><datafield ind1="0" ind2=" " tag="041"><subfield code="a">ara</subfield><subfield code="a">per</subfield></datafield><datafield ind1="0" ind2="0" tag="050"><subfield code="a">BP133</subfield><subfield code="b">.Q26 1982</subfield></datafield><datafield ind1="1" ind2=" " tag="100"><subfield code="6">880-01</subfield><subfield code="a">Qarsh&#299;, &#699;Al&#299; Akbar</subfield></datafield><datafield ind1="1" ind2="0" tag="245"><subfield code="6">880-02</subfield><subfield code="a">Qa&#772;mu&#772;s-i Qur&#700;a&#772;n /</subfield><subfield code="c">ta&#772;&#700;li&#772;f-i &#699;Ali&#772; Akbar Qarshi&#772;.</subfield></datafield><datafield ind1=" " ind2=" " tag="250"><subfield code="6">880-03</subfield><subfield code="a">Cha&#772;p-i 3.</subfield></datafield><datafield ind1=" " ind2=" " tag="260"><subfield code="6">880-04</subfield><subfield code="a">T&#803;ihra&#772;n :</subfield><subfield code="b">Da&#772;r al-Kutub al-Isla&#772;mi&#772;yah,</subfield><subfield code="c">1361 [1982 or 1983]</subfield></datafield><datafield ind1=" " ind2=" " tag="300"><subfield code="a">online resource (7 volumes in 3)</subfield></datafield><datafield ind1=" " ind2=" " tag="336"><subfield code="a">text</subfield><subfield code="2">rdacontent</subfield></datafield><datafield ind1=" " ind2=" " tag="337"><subfield code="a">computer</subfield><subfield code="2">rdamedia</subfield></datafield><datafield ind1=" " ind2=" " tag="338"><subfield code="a">online resource</subfield><subfield code="2">rdacarrier</subfield></datafield><datafield ind1=" " ind2=" " tag="500"><subfield code="a">Arabic and Persian.</subfield></datafield><datafield ind1=" " ind2=" " tag="500"><subfield code="a">Part of the Arabic Collections Online (ACO) project, contributed by New York Univeristy Libraries.</subfield></datafield><datafield ind1=" " ind2=" " tag="533"><subfield code="a">Electronic reproduction.</subfield><subfield code="b">New York, N.Y. :</subfield><subfield code="c">New York University,</subfield><subfield code="d">2015.</subfield><subfield code="5">NNU</subfield></datafield><datafield ind1="0" ind2="0" tag="630"><subfield code="a">Qur&#700;an</subfield><subfield code="x">Dictionaries.</subfield><subfield code="l">Arabic.</subfield></datafield><datafield ind1=" " ind2="0" tag="650"><subfield code="a">Arabic language</subfield><subfield code="v">Dictionaries</subfield><subfield code="x">Persian.</subfield></datafield><datafield ind1="0" ind2="7" tag="630"><subfield code="a">Qur&#700;an.</subfield><subfield code="2">fast</subfield><subfield code="0">(OCoLC)fst01842877</subfield></datafield><datafield ind1=" " ind2="7" tag="650"><subfield code="a">Arabic language.</subfield><subfield code="2">fast</subfield><subfield code="0">(OCoLC)fst00812287</subfield></datafield><datafield ind1=" " ind2="7" tag="655"><subfield code="a">Dictionaries.</subfield><subfield code="2">fast</subfield><subfield code="0">(OCoLC)fst01423826</subfield></datafield><datafield ind1="2" ind2=" " tag="710"><subfield code="a">New York University.</subfield><subfield code="b">Libraries.</subfield></datafield><datafield ind1="0" ind2=" " tag="730"><subfield code="a">Arabic Collections Online.</subfield></datafield><datafield ind1="0" ind2="8" tag="776"><subfield code="i">Online version:</subfield><subfield code="a">Qarshi&#772;, &#699;Ali&#772; Akbar.</subfield><subfield code="t">Qa&#772;mu&#772;s-i Qur&#700;a&#772;n.</subfield><subfield code="b">Cha&#772;p-i 3.</subfield><subfield code="d">T&#803;ihra&#772;n : Da&#772;r al-Kutub al-Isla&#772;mi&#772;yah, 1361 [1982 or 1983]</subfield><subfield code="w">(OCoLC)561319869</subfield></datafield><datafield ind1="0" ind2="8" tag="776"><subfield code="i">Online version:</subfield><subfield code="a">Qarshi&#772;, &#699;Ali&#772; Akbar.</subfield><subfield code="t">Qa&#772;mu&#772;s-i Qur&#700;a&#772;n.</subfield><subfield code="b">Cha&#772;p-i 3.</subfield><subfield code="d">T&#803;ihra&#772;n : Da&#772;r al-Kutub al-Isla&#772;mi&#772;yah, 1361 [1982 or 1983]</subfield><subfield code="w">(OCoLC)613225953</subfield></datafield><datafield ind1="0" ind2="8" tag="776"><subfield code="i">Print version:</subfield><subfield code="a">Qarsh&#299;, &#699;Al&#299; Akbar 880-01</subfield><subfield code="t">Qa&#772;mu&#772;s-i Qur&#700;a&#772;n</subfield><subfield code="w">(NNU)002772021</subfield><subfield code="w">(DLC)   85930072</subfield></datafield><datafield ind1="4" ind2="0" tag="856"><subfield code="u">http://hdl.handle.net/2333.1/rbnzs9v4</subfield></datafield><datafield ind1="1" ind2=" " tag="880"><subfield code="6">100-01/</subfield><subfield code="a">&#1602;&#1585;&#1588;&#1610;&#1548; &#1593;&#1604;&#1610; &#1575;&#1603;&#1576;&#1585;.</subfield></datafield><datafield ind1="1" ind2="0" tag="880"><subfield code="6">245-02/</subfield><subfield code="a">&#1602;&#1575;&#1605;&#1608;&#1587; &#1602;&#1585;&#1570;&#1606; /</subfield><subfield code="c">&#1578;&#1571;&#1604;&#1610;&#1601; &#1593;&#1604;&#1610; &#1571;&#1603;&#1576;&#1585; &#1602;&#1585;&#1588;&#1610;.</subfield></datafield><datafield ind1=" " ind2=" " tag="880"><subfield code="6">250-03/</subfield><subfield code="a">&#1670;&#1575;&#1662; 3.</subfield></datafield><datafield ind1=" " ind2=" " tag="880"><subfield code="6">260-04/</subfield><subfield code="a">&#1591;&#1607;&#1585;&#1575;&#1606; :</subfield><subfield code="b">&#1583;&#1575;&#1585; &#1575;&#1604;&#1705;&#1578;&#1576; &#1575;&#1604;&#1575;&#1587;&#1604;&#1575;&#1605;&#1610;&#1577;&#1548;</subfield><subfield code="c">1361 [1982 or 1983]</subfield></datafield><datafield ind1=" " ind2=" " tag="959"><subfield code="a">NNU</subfield><subfield code="b">WEB</subfield><subfield code="c">GENI</subfield><subfield code="t">0</subfield><subfield code="m">Electronic access</subfield><subfield code="s">01</subfield></datafield><datafield ind1=" " ind2=" " tag="999"><subfield code="i">NNU_002772021</subfield><subfield code="s">nyu_aco000171:v.1-2</subfield><subfield code="s">nyu_aco000172:v.3-4</subfield><subfield code="s">nyu_aco000173:v.5-7</subfield></datafield></record>